@article{Valiron12,
  title={Quantum computation: a tutorial},
  author={Valiron, Beno{\^\i}t},
  journal={New Generation Computing},
  volume={30},
  number={4},
  pages={271--296},
  year={2012},
  publisher={Springer}
}